@book{Tufte:vsqi,
  added-at = {2007-01-08T23:13:57.000+0100},
  address = {Cheshire, Conn.},
  author = {Tufte, Edward R.},
  biburl = {https://www.bibsonomy.org/bibtex/29c028ebcb336380cb02e2a4beaa14d54/sennett},
  edition = {2nd ed.},
}
